<collection xmlns="http://www.loc.gov/MARC21/slim">
   <record>
      <leader>02503cam a2200457 i 45 0</leader>
      <controlfield tag="001">6799002</controlfield>
      <controlfield tag="003">CaOOAMICUS</controlfield>
      <controlfield tag="005">20140909      .0</controlfield>
      <controlfield tag="008">140207s2015    paua     b    001 0 eng  </controlfield>
      <datafield ind1=" " ind2=" " tag="010">
         <subfield code="a">  2013045923</subfield>
      </datafield>
      <datafield ind1=" " ind2=" " tag="020">
         <subfield code="a">9781451190892 (alk. paper)</subfield>
      </datafield>
      <datafield ind1=" " ind2=" " tag="020">
         <subfield code="a">1451190891 (alk. paper)</subfield>
      </datafield>
      <datafield ind1=" " ind2=" " tag="020">
         <subfield code="a">9781451193770 (Paper)</subfield>
      </datafield>
      <datafield ind1=" " ind2=" " tag="020">
         <subfield code="a">9781451190892</subfield>
      </datafield>
      <datafield ind1=" " ind2=" " tag="020">
         <subfield code="a">1451190891</subfield>
      </datafield>
      <datafield ind1=" " ind2=" " tag="035">
         <subfield code="a">ocn864382726</subfield>
      </datafield>
      <datafield ind1=" " ind2=" " tag="040">
         <subfield code="a">CaOPAL</subfield>
         <subfield code="b">eng</subfield>
         <subfield code="c">CaOPAL</subfield>
         <subfield code="e">rda</subfield>
         <subfield code="d">CaNSHNOV</subfield>
         <subfield code="d">AGPC</subfield>
      </datafield>
      <datafield ind1="0" ind2="0" tag="050">
         <subfield code="a">RB38.2</subfield>
         <subfield code="b">.F57 2015</subfield>
      </datafield>
      <datafield ind1="0" ind2="0" tag="060">
         <subfield code="a">QY 25</subfield>
         <subfield code="b">F528m 2015</subfield>
      </datafield>
      <datafield ind1="0" ind2="0" tag="082">
         <subfield code="a">616.07/5</subfield>
         <subfield code="2">23</subfield>
      </datafield>
      <datafield ind1="0" ind2=" " tag="082">
         <subfield code="a">616.07/5</subfield>
         <subfield code="2">23</subfield>
      </datafield>
      <datafield ind1=" " ind2=" " tag="090">
         <subfield code="a">RB 38.2 F57 2015</subfield>
         <subfield code="b">AGPC</subfield>
      </datafield>
      <datafield ind1="0" ind2="2" tag="245">
         <subfield code="a">A manual of laboratory and diagnostic tests /</subfield>
         <subfield code="c">[edited by] Frances Talaska Fischbach, Marshall Barnett Dunning III.</subfield>
      </datafield>
      <datafield ind1="1" ind2="3" tag="246">
         <subfield code="a">A manual of laboratory &amp; diagnostic tests</subfield>
      </datafield>
      <datafield ind1=" " ind2=" " tag="250">
         <subfield code="a">Ninth edition.</subfield>
      </datafield>
      <datafield ind1=" " ind2="1" tag="264">
         <subfield code="a">Philadelphia :</subfield>
         <subfield code="b">Wolters Kluwer Health,</subfield>
         <subfield code="c">[2015]</subfield>
      </datafield>
      <datafield ind1=" " ind2=" " tag="300">
         <subfield code="a">xiii, 1261 pages :</subfield>
         <subfield code="b">illustrations ;</subfield>
         <subfield code="c">23 cm.</subfield>
      </datafield>
      <datafield ind1=" " ind2=" " tag="336">
         <subfield code="a">text</subfield>
         <subfield code="2">rdacontent.</subfield>
      </datafield>
      <datafield ind1=" " ind2=" " tag="337">
         <subfield code="a">unmediated</subfield>
         <subfield code="2">rdamedia.</subfield>
      </datafield>
      <datafield ind1=" " ind2=" " tag="338">
         <subfield code="a">volume</subfield>
         <subfield code="2">rdacarrier.</subfield>
      </datafield>
      <datafield ind1=" " ind2=" " tag="504">
         <subfield code="a">Includes bibliographical references and index.</subfield>
      </datafield>
      <datafield ind1="0" ind2=" " tag="505">
         <subfield code="a">Diagnostic testing -- Blood studies : hematology and coagulation -- Urine studies -- Stool studies -- Cerebrospinal fluid studies -- Chemistry studies -- Microbiologic studies -- Immunodiagnostic studies -- Nuclear medicine studies -- X-ray studies -- Cytologic, histologic, and genetic studies -- Endoscopic studies -- Ultrasound studies -- Pulmonary function, arterial blood gases (abgs), and electrolyte studies -- Prenatal diagnosis and tests of fetal well-being -- Special diagnostic, special specimen collection, and postmortem studies.</subfield>
      </datafield>
      <datafield ind1=" " ind2=" " tag="596">
         <subfield code="a">28</subfield>
      </datafield>
      <datafield ind1=" " ind2="0" tag="650">
         <subfield code="a">Medical technologists.</subfield>
         <subfield code="0">http://id.loc.gov/authorities/subjects/sh85083045</subfield>
      </datafield>
      <datafield ind1="1" ind2="2" tag="650">
         <subfield code="a">Clinical Laboratory Techniques</subfield>
         <subfield code="v">Laboratory Manuals.</subfield>
      </datafield>
      <datafield ind1="2" ind2="2" tag="650">
         <subfield code="a">Diagnostic Techniques and Procedures</subfield>
         <subfield code="v">Laboratory Manuals.</subfield>
      </datafield>
      <datafield ind1="1" ind2=" " tag="700">
         <subfield code="a">Fischbach, Frances Talaska,</subfield>
         <subfield code="e">editor of compilation.</subfield>
         <subfield code="0">http://id.loc.gov/authorities/names/n80006852</subfield>
         <subfield code="0">http://viaf.org/viaf/60371462</subfield>
      </datafield>
      <datafield ind1="1" ind2=" " tag="700">
         <subfield code="a">Dunning, Marshall Barnett,</subfield>
         <subfield code="c">III,</subfield>
         <subfield code="e">editor of compilation.</subfield>
         <subfield code="0">http://id.loc.gov/authorities/names/no2003074929</subfield>
         <subfield code="0">http://viaf.org/viaf/161565984</subfield>
      </datafield>
      <datafield ind1=" " ind2=" " tag="758">
         <subfield code="0">http://worldcat.org/entity/work/id/24504763</subfield>
      </datafield>
      <datafield ind1="0" ind2=" " tag="787">
         <subfield code="n">OCLC Work Id</subfield>
         <subfield code="o">http://worldcat.org/entity/work/id/24504763</subfield>
      </datafield>
      <datafield ind1=" " ind2=" " tag="926">
         <subfield code="a">RB 38.2 F57 2015</subfield>
         <subfield code="w">LC</subfield>
         <subfield code="c">1</subfield>
         <subfield code="i">31847001272050</subfield>
         <subfield code="d">4/23/2016</subfield>
         <subfield code="e">4/22/2016</subfield>
         <subfield code="l">ON_SHELF</subfield>
         <subfield code="m">GPRC_GP</subfield>
         <subfield code="n">7</subfield>
         <subfield code="p">$150.00</subfield>
         <subfield code="q">1</subfield>
         <subfield code="r">Y</subfield>
         <subfield code="s">Y</subfield>
         <subfield code="t">BOOK</subfield>
         <subfield code="u">2/4/2015</subfield>
      </datafield>
   </record>
</collection>
